@article{erez2004achieving,
  title={Achieving $\frac{1}{2}$ log(1+ \uppercase{SNR}) on the AWGN channel with lattice encoding and decoding},
  author={Erez, Uri and Zamir, Ram},
  journal=IT,
  volume={50},
  number={10},
  pages={2293--2314},
  year={2004},
  publisher={IEEE}
}
@article{kumar2013threshold,
  title={Threshold Saturation for Spatially-Coupled LDPC and LDGM Codes on BMS Channels},
  author={Kumar, Santhosh and Young, Andrew J and Macris, Nicolas and Pfister, Henry D},
  journal={arXiv preprint arXiv:1309.7543},
  year={2013}
}

@inproceedings{narayanan2012iterative,
  title={Iterative collision resolution for slotted ALOHA: an optimal uncoordinated transmission policy},
  author={Narayanan, Krishna R and Pfister, Henry D},
  booktitle={Turbo Codes and Iterative Information Processing (ISTC), 2012 7th International Symposium on},
  pages={136--139},
  year={2012},
  organization={IEEE}
}

@article{kositwattanarerk2013connections,
  title={Connections Between Construction D and Related Constructions of Lattices},
  author={Kositwattanarerk, Wittawat and Oggier, Fr{\'e}d{\'e}rique},
  journal={arXiv preprint arXiv:1308.6175},
  year={2013}
}

@book{conwaysphere,
  title={Sphere Packings, Lattices and Groups},
  author={Conway, JH and Sloane, NJA},
  year={1988},
  publisher={Springer-Verlag, New York}
}

@book{richardson2008modern,
  title={Modern coding theory},
  author={Richardson, Thomas J and Urbanke, R{\"u}diger Leo},
  year={2008},
  publisher={Cambridge University Press}
}
@article{erez05,
  title={Lattices which are good for (almost) everything},
  author={Erez, Uri and Litsyn, Simon and Zamir, Ram},
  journal=IT,
  volume={51},
  number={10},
  pages={3401--3416},
  year={2005}
}
@article{BarnesSloane83,
  title={New lattice packings of spheres},
  author={Barnes, ES and Sloane, NJA},
  journal={Canad. J. Math},
  volume={35},
  pages={117--130},
  year={1983}
}

@inproceedings{kudekaruniversal,
  title={Spatially coupled ensembles universally achieve capacity under belief propagation},
  author={Kudekar, Shrinivas and Richardson, Tom and Urbanke, R{\"u}diger},
  booktitle=ISIT,
  pages={453--457},
  year={2012},
}

@article{carleial1978interference,
  title={Interference channels},
  author={Carleial, Aydano},
  journal=IT,
  volume={24},
  number={1},
  pages={60--70},
  year={1978},
  publisher={IEEE}
}

@inproceedings{kumar2012proof,
  author    = {Santhosh Kumar and Andrew J. Young and Nicolas Macris and Henry D. Pfister},
  title     = {A proof of threshold saturation for spatially-coupled {LDPC} codes on {BMS} channels},
  booktitle = ALLERTON,
  year      = {2012},
  pages     = {176-184},
  }


@article{forney2000,
  title={Sphere-bound-achieving coset codes and multilevel coset codes},
  author={Forney Jr, G David and Trott, Mitchell D and Chung, Sae-Young},
  journal=IT,
  volume={46},
  number={3},
  pages={820--850},
  year={2000},
  publisher={IEEE}
}

@inproceedings{YanLingWu13,
  title={Polar lattices: where {Ar{\i}kan} meets {Forney}},
  author={Yan, Yanfei and Ling, Cong and Wu, Xiaofu},
  booktitle=ISIT,
  pages={1292--1296},
  year={2013}
  }

@article{jafar10,
  title={Generalized Degrees of Freedom of the Symmetric {Gaussian} $K$-User Interference Channel},
  author={Jafar, Syed A and Vishwanath, Sriram},
  journal={arXiv preprint arXiv:0804.4489},
  year={2008}
}

@inproceedings{Estela13,
  title={Barnes-Wall lattices for the symmetric interference channel},
  author={Estela, Maria Constanza and Ling, Cong and Belfiore, Jean-Claude},
  booktitle=ISIT,
  pages={2239--2243},
  year={2013}
}

@article{nazer2011CF,
  title={Compute-and-forward: Harnessing interference through structured codes},
  author={Nazer, Bobak and Gastpar, Michael},
  journal=IT,
  volume={57},
  number={10},
  pages={6463--6486},
  year={2011},
  publisher={IEEE}
}

@article{poltyrev94,
  title={On coding without restrictions for the {AWGN} channel},
  author={Poltyrev, Gregory},
  journal=IT,
  volume={40},
  number={2},
  pages={409--417},
  year={1994},
  publisher={IEEE}
}

@inproceedings{forney03,
  title={On the role of MMSE estimation in approaching the information-theoretic limits of linear Gaussian channels: Shannon meets Wiener},
  author={Forney, G David},
  booktitle=ALLERTON,
  volume={41},
  number={1},
  pages={430--439},
  year={2003},
  organization={The University; 1998}
}

@article{KudekarUrbanke11,
  title={Threshold saturation via spatial coupling: Why convolutional {LDPC} ensembles perform so well over the {BEC}},
  author={Kudekar, Shrinivas and Richardson, Thomas J and Urbanke, R{\"u}diger L},
  journal=IT,
  volume={57},
  number={2},
  pages={803--834},
  year={2011},
  publisher={IEEE}
}

@article{sadeghi06,
  title={Low-density parity-check lattices: construction and decoding analysis},
  author={Sadeghi, M-R and Banihashemi, Amir H and Panario, Daniel},
  journal=IT,
  volume={52},
  number={10},
  pages={4481--4495},
  year={2006},
  publisher={IEEE}
}

@article{Banihashemi01,
  title={Tanner graphs for group block codes and lattices: construction and complexity},
  author={Banihashemi, Amir H and Kschischang, Frank R},
  journal=IT,
  volume={47},
  number={2},
  pages={822--834},
  year={2001},
  publisher={IEEE}
}

@inproceedings{sridharan2008capacity,
  title={Capacity of symmetric K-user {Gaussian} very strong interference channels},
  author={Sridharan, Sriram and Jafarian, Amin and Vishwanath, Sriram and Jafar, Syed Ali},
  booktitle={Global Telecommunications Conference, 2008.},
  pages={1--5},
  year={2008},
  organization={IEEE}
}

@inproceedings{sridharan2008layered,
  title={A layered lattice coding scheme for a class of three user Gaussian interference channels},
  author={Sridharan, Sriram and Jafarian, Amin and Vishwanath, Sriram and Jafar, Syed Ali and Shamai, Shlomo},
  booktitle=ALLERTON,
  pages={531--538},
  year={2008},
  organization={IEEE}
}

@article{etkin2008gaussian,
  title={Gaussian interference channel capacity to within one bit},
  author={Etkin, Raul H and Tse, David NC and Wang, Hua},
  journal=IT,
  volume={54},
  number={12},
  pages={5534--5562},
  year={2008},
  publisher={IEEE}
}