@STRING{ICASSP= "Int. Conf. on Acoustics, Speech \& Signal Proc."}
@STRING{ICML = "Proc. Int. Conf. on Machine Learning."}
@STRING{IT = "IEEE Trans. Inf. Theory"}
@STRING{TC = "IEEE Trans. Commun."}
@STRING{NET = "IEEE/ACM Trans. Netw."}
@STRING{MC = "IEEE Trans. Mobile Comput."}
@STRING{WC = "IEEE Trans. Wireless Commun."}
@STRING{SIGCOMM_REVIEW = "ACM SIGCOMM Computer Comm. Review"}
@STRING{COMM_LETTERS = "IEEE Commun. Lett."}
@STRING{INFORM_CONTROL =  "Inform. and Control"}
@STRING{COMBINATORICA =  "Combinatorica"}
@STRING{SIAM_REVIEW = "SIAM Review"}
@STRING{ETT = "Europ. Trans. Telecommun."}
@STRING{PPI = "Problems Inform. Transm."}
@STRING{AMH = "Acta Math. Hungar."}
@STRING{IMRN = "Int. Math. Res. Notices"}
@STRING{SC = "S\'{e}min. Congr."}
@STRING{PROC_IEEE = "Proc. IEEE"}
@STRING{PROC_IRE = "Proc. IRE"}
@STRING{JCOMBB = "J. Comb. Theory (B)"}
@STRING{JSAC = "IEEE J. Sel. Areas Commun."}
@STRING{SIAM_COMPUT = "SIAM J. Comput."}
@STRING{ACM_CSUR = "ACM Comput. Surv."}
@STRING{MULT_SYS = "Multimedia Syst."}
@STRING{PROB_SUR = "Prob. Surv."}

@STRING{ALLERTON = "Proc. Allerton Conf."}
@STRING{INFOCOM = "Proc. IEEE INFOCOM"}
@STRING{STOC = "Proc. ACM STOC"}
@STRING{FOCS = "Proc. IEEE FOCS"}
@STRING{MOBIHOC = "Proc. ACM MobiHoc"}
@STRING{MOBICOM = "Proc. ACM MobiCom"}
@STRING{SECON = "Proc. IEEE SECON"}
@STRING{ITA = "Proc. ITA"}
@STRING{WIOPT = "Proc. IEEE WiOpt"}
@STRING{ISIT = "Proc. IEEE Int. Symp. Information Theory"}
@STRING{SIGCOMM = "Proc. ACM SIGCOMM"}
@STRING{NETCOD = "Proc. IEEE NetCod"}
@STRING{CISS = "Proc. Conf. Inform. Sci. Syst."}
@STRING{GLOBECOM = "Proc. IEEE Globecom"}
@STRING{VTC = "Proc. IEEE VTC"}
@STRING{ICC = "Proc. IEEE ICC"}
@STRING{ITW = "Inf. Theory Workshop"}
@String{ SODA="Proc. Symp. on Discrete Algorithms (SODA)"}