@inproceedings{li2015subisit,
  title={Sub-linear time compressed sensing using sparse-graph codes},
  author={Li, Xiao and Pawar, Sameer and Ramchandran, Kannan},
  booktitle=isit,
  pages={1645--1649},
  year={2015}
}

@misc{li2015subdraft,
  title={Sub-linear time compressed sensing using sparse-graph codes},
  author={Li, Xiao and Pawar, Sameer and Ramchandran, Kannan},
  howpublished="\url{http://www.eecs.berkeley.edu/~xiaoli/TR_CS_sublinear.pdf}"
}

@article{lee2015saffron,
  title={SAFFRON: A Fast, Efficient, and Robust Framework for Group Testing based on Sparse-Graph Codes},
  author={Lee, Kangwook and Pedarsani, Ramtin and Ramchandran, Kannan},
  journal={arXiv preprint arXiv:1508.04485},
  year={2015}
}

@inproceedings{pawar2013computing,
  title={Computing a $k$-sparse $n$-length discrete fourier transform using at most $4k$ samples and $O(k log k)$ complexity},
  author={Pawar, Sameer and Ramchandran, Kannan},
  booktitle=isit,
  pages={464--468},
  year={2013}
}

@misc{pawararxiv,
title={A {FFAST} framework for computing a k-sparse DFT in $O(k log k)$ time using sparse-graph alias codes},
author={Pawar, Sameer and Ramchandran, Kannan},
howpublished={http://arxiv.org/pdf/1305.0870.pdf},
year={2013}
}

@inproceedings{pawar2014robust,
  title={A robust R-FFAST framework for computing a k-sparse n-length DFT in O (k log n) sample complexity using sparse-graph codes},
  author={Pawar, Sameer and Ramchandran, Kannan},
  booktitle= isit,
  pages={1852--1856},
  year={2014}
}
@article{gilbert2014recent,
  title={Recent developments in the sparse Fourier transform: A compressed Fourier transform for big data},
  author={Gilbert, A and Indyk, Piotr and Iwen, Mark and Schmidt, Ludwig},
  journal=spmag,
  volume={31},
  number={5},
  pages={91--100},
  year={2014}
}
@inproceedings{hassanieh2014ghz,
  title={Ghz-wide sensing and decoding using the sparse fourier transform},
  author={Hassanieh, Haitham and Shi, Lixin and Abari, Omid and Hamed, Ezzeldin and Katabi, Dina},
  booktitle=infocom,
  pages={2256--2264},
  year={2014}
}
@article{gilbert2008tutorial,
  title={A tutorial on fast fourier sampling},
  author={Gilbert, Anna C and Strauss, Martin J and Tropp, Joel A},
  journal=spmag,
  volume={25},
  number={2},
  pages={57--66},
  year={2008}
}
@inproceedings{hassanieh2012near,
  title={Near-optimal algorithm for sparse Fourier transform},
  author={Hassanieh, H and Indyk, P and Katabi, D and Price, E},
  booktitle=stoc_44,
  year={2012}
}
@inproceedings{scheibler2013sparse,
  title={A sparse sub-linear Hadamard transform},
  author={Scheibler, R and Haghighatshoar, S and Vetterli, M},
  booktitle=allerton,
  year={2013}
}

@inproceedings{jian2012approaching,
  title={Approaching capacity at high rates with iterative hard-decision decoding},
  author={Jian, Yung-Yih and Pfister, Henry D and Narayanan, Krishna R},
  booktitle=isit,
  pages={2696--2700},
  year={2012}
}

@book{mct,
  title={Modern coding theory},
  author={Richardson, Tom and Urbanke, Ruediger},
  year={2008},
  publisher={Cambridge University Press}
}

@book{linandcostello,
  title={Error control coding: fundamentals and applications},
  author={Lin, Shu and Costello, Daniel J},
  volume={114},
  year={2004},
  publisher={Pearson-Prentice Hall Upper Saddle River}
}

@inproceedings{luby2002lt,
  title={LT codes},
  author={Luby, Michael},
  booktitle=focs,
  pages={271--271},
  year={2002}
}

@article{justesen2011performance,
  title={Performance of product codes and related structures with iterated decoding},
  author={Justesen, J{\o}rn},
  journal=tcom,
  volume={59},
  number={2},
  pages={407--415},
  year={2011}
}

@inproceedings{justesen,
  title={Analysis of iterated hard decision decoding of product codes with Reed-Solomon component codes},
  author={Justesen, J{\o}rn and H{\o}holdt, Tom},
  booktitle={Information Theory Workshop, 2007. ITW'07. IEEE},
  pages={174--177},
  year={2007},
  organization={IEEE}
}


@ARTICLE{burt,
author={Burton, H.O. and Weldon, E., Jr.},
journal={Information Theory, IEEE Transactions on},
title={Cyclic product codes},
year={1965},
month={Jul},
volume={11},
number={3},
pages={433-439},
keywords={Burst-correcting codes;Cyclic codes;Product codes},
doi={10.1109/TIT.1965.1053802},
ISSN={0018-9448},}
