
@inproceedings{Estela13,
  title={Barnes-Wall lattices for the symmetric interference channel},
  author={Estela, Maria Constanza and Ling, Cong and Belfiore, Jean-Claude},
  booktitle=ISIT,
  pages={2239--2243},
  year={2013}
}

@article{jafar10,
  title={Generalized Degrees of Freedom of the Symmetric {Gaussian} $K$-User Interference Channel},
  author={Jafar, Syed A and Vishwanath, Sriram},
  journal={arXiv preprint arXiv:0804.4489},
  year={2008}
}

@inproceedings{YanLingWu13,
  title={Polar lattices: where {Ar{\i}kan} meets {Forney}},
  author={Yan, Yanfei and Ling, Cong and Wu, Xiaofu},
  booktitle=ISIT,
  pages={1292--1296},
  year={2013}
  }

@article{forney2000,
  title={Sphere-bound-achieving coset codes and multilevel coset codes},
  author={Forney Jr, G David and Trott, Mitchell D and Chung, Sae-Young},
  journal=IT,
  volume={46},
  number={3},
  pages={820--850},
  year={2000},
  publisher={IEEE}
}

@article{kumar2013threshold,
  title={Threshold Saturation for Spatially-Coupled LDPC and LDGM Codes on BMS Channels},
  author={Kumar, Santhosh and Young, Andrew J and Macris, Nicolas and Pfister, Henry D},
  journal={arXiv preprint arXiv:1309.7543},
  year={2013}
}

@inproceedings{kudekaruniversal,
  title={Spatially coupled ensembles universally achieve capacity under belief propagation},
  author={Kudekar, Shrinivas and Richardson, Tom and Urbanke, R{\"u}diger},
  booktitle=ISIT,
  pages={453--457},
  year={2012},
}

@article{BarnesSloane83,
  title={New lattice packings of spheres},
  author={Barnes, ES and Sloane, NJA},
  journal={Canad. J. Math},
  volume={35},
  pages={117--130},
  year={1983}
}

@article{erez05,
  title={Lattices which are good for (almost) everything},
  author={Erez, Uri and Litsyn, Simon and Zamir, Ram},
  journal=IT,
  volume={51},
  number={10},
  pages={3401--3416},
  year={2005}
}

@article{richardson2001design,
  title={Design of capacity-approaching irregular low-density parity-check codes},
  author={Richardson, Thomas J and Shokrollahi, Mohammad Amin and Urbanke, R{\"u}diger L},
  journal={IEEE transactions on information theory},
  volume={47},
  number={2},
  pages={619--637},
  year={2001},
  publisher={IEEE}
}

@inproceedings{berrou1993near,
  title={Near Shannon limit error-correcting coding and decoding: Turbo-codes. 1},
  author={Berrou, Claude and Glavieux, Alain and Thitimajshima, Punya},
  booktitle={Communications, 1993. ICC'93 Geneva. Technical Program, Conference Record, IEEE International Conference on},
  volume={2},
  pages={1064--1070},
  year={1993},
  organization={IEEE}
}

@article{gallager1962low,
  title={Low-density parity-check codes},
  author={Gallager, Robert},
  journal={IRE Transactions on information theory},
  volume={8},
  number={1},
  pages={21--28},
  year={1962},
  publisher={IEEE}
}

@article{shannon2001mathematical,
  title={A mathematical theory of communication},
  author={Shannon, Claude E},
  journal={ACM SIGMOBILE Mobile Computing and Communications Review},
  volume={5},
  number={1},
  pages={3--55},
  year={2001},
  publisher={ACM}
}
