@article{doraiswamy2012finding,
  title={Finding minimum energy configurations for constrained beam buckling problems using the Viterbi algorithm},
  author={Doraiswamy, Srikrishna and Narayanan, Krishna R and Srinivasa, Arun R},
  journal={International Journal of Solids and Structures},
  volume={49},
  number={2},
  pages={289--297},
  year={2012},
  publisher={Elsevier}
}

@book{pearl1988probabilistic,
  title={Probabilistic reasoning in intelligent systems: networks of plausible inference},
  author={Pearl, Judea},
  year={1988},
  publisher={Morgan Kaufmann}
}

@article{weiss2001optimality,
  title={On the optimality of solutions of the max-product belief-propagation algorithm in arbitrary graphs},
  author={Weiss, Yair and Freeman, William T},
  journal={Information Theory, IEEE Transactions on},
  volume={47},
  number={2},
  pages={736--744},
  year={2001},
  publisher={IEEE}
}

@article{kschischang2001factor,
  title={Factor graphs and the sum-product algorithm},
  author={Kschischang, Frank R and Frey, Brendan J and Loeliger, H-A},
  journal={Information Theory, IEEE Transactions on},
  volume={47},
  number={2},
  pages={498--519},
  year={2001},
  publisher={IEEE}
}

@inproceedings{marrow2003iterative,
  title={Iterative detection of 2-dimensional ISI channels},
  author={Marrow, Marcus and Wolf, Jack K},
  booktitle={Information Theory Workshop, 2003. Proceedings. 2003 IEEE},
  pages={131--134},
  year={2003},
  organization={IEEE}
}

@article{singla2002iterative,
  title={Iterative decoding and equalization for 2-D recording channels},
  author={Singla, Naveen and O'Sullivan, Joseph A and Indeck, Ronald S and Wu, Yunxiang},
  journal={Magnetics, IEEE Transactions on},
  volume={38},
  number={5},
  pages={2328--2330},
  year={2002},
  publisher={IEEE}
}