@STRING{ICASSP= "Proceedings of IEEE International Conference on Acoustics, Speech and Signal Processing"}
@STRING{ICML = "Proceedings of International Conference on Machine Learning"}
@STRING{IT = "IEEE Transactions on Information Theory"}
@STRING{TC = "IEEE Transactions on Communications"}
@STRING{NET = "IEEE/ACM Transactions on Networking"}
@STRING{MC = "IEEE Transactions on Mobile Computing"}
@STRING{WC = "IEEE Transactions on Wireless Communications"}
@STRING{SIGCOMM_REVIEW = "ACM SIGCOMM Computer Communications Review"}
@STRING{COMM_LETTERS = "IEEE Communications Letters"}
@STRING{INFORM_CONTROL =  "Information and Control"}
@STRING{COMBINATORICA =  "Combinatorica"}
@STRING{SIAM_REVIEW = "SIAM Review"}
@STRING{ETT = "European Transactions on Telecommunications"}
@STRING{PPI = "Problems of Information Transmission"}
@STRING{AMH = "Acta Mathematica Hungarica"}
@STRING{IMRN = "International Mathematics Research Notices"}
@STRING{SC = "S\'{e}minaires et Congr\`{e}s"}
@STRING{PROC_IEEE = "Proceedings of the IEEE"}
@STRING{PROC_IRE = "Proceedings of the IRE"}
@STRING{JCOMBB = "Journal of Combinatorial Theory (B)"}
@STRING{JSAC = "IEEE Journal on Selected Areas in Communications"}
@STRING{SIAM_COMPUT = "SIAM Journal on Computing"}
@STRING{ACM_CSUR = "ACM Computing Surveys"}
@STRING{MULT_SYS = "Multimedia Systems"}
@STRING{PROB_SUR = "Probability Surveys"}

@STRING{ALLERTON = "Proceedings of the Allerton Conference on Communication, Control, and Computing"}
@STRING{INFOCOM = "Proceedings of the IEEE INFOCOM"}
@STRING{STOC = "Proceedings of the ACM Symposium on Theory of Computing"}
@STRING{FOCS = "Proceedings of the IEEE Symposium on  Foundations of Computer Science"}
@STRING{MOBIHOC = "Proceedings of the ACM MobiHoc"}
@STRING{MOBICOM = "Proceedings of the ACM MobiCom"}
@STRING{SECON = "Proceedings of the IEEE SECON"}
@STRING{ITA = "Proceedings of the Information Theory and Applications Workshop"}
@STRING{WIOPT = "Proceedings of the IEEE WiOpt"}
@STRING{ISIT = "Proceedings of the IEEE International Symposium on Information Theory"}
@STRING{ITW = "Proceedings of the IEEE Information Theory Workshop"}
@STRING{SIGCOMM = "Proceedings of the ACM SIGCOMM"}
@STRING{NETCOD = "Proceedings of the IEEE International Symposium on Network Coding"}
@STRING{SODA = "Proceedings of the ACM-SIAM Symposium on Discrete Algorithms"}
@STRING{CISS = "Proceedings of the Conference on Information Sciences and Systems"}
