%%------------------------LDPC Scaling-----------
@inproceedings{luby1997practical,
  title={Practical loss-resilient codes},
  author={Luby, Michael G and Mitzenmacher, Michael and Shokrollahi, M Amin and Spielman, Daniel A and Stemann, Volker},
  booktitle={Proceedings of the twenty-ninth annual ACM symposium on Theory of computing},
  pages={150--159},
  year={1997},
  organization={ACM}
}

 %%--------------------Sparse Estimation---------------------------------------------------------------------------------------
@article{mazumdar2015nonadaptive,
  title={Nonadaptive group testing with random set of defectives},
  author={Mazumdar, Arya},
  journal={arXiv preprint arXiv:1503.03597},
  year={2015}
}

@article{dorfman1943detection,
  title={The detection of defective members of large populations},
  author={Dorfman, Robert},
  journal={The Annals of Mathematical Statistics},
  volume={14},
  number={4},
  pages={436--440},
  year={1943},
  publisher={JSTOR}
}

@article{chen2008survey,
  title={A survey on nonadaptive group testing algorithms through the angle of decoding},
  author={Chen, Hong-Bin and Hwang, Frank K},
  journal={Journal of Combinatorial Optimization},
  volume={15},
  number={1},
  pages={49--59},
  year={2008},
  publisher={Springer}
}

@article{chan2014non,
  title={Non-adaptive group testing: Explicit bounds and novel algorithms},
  author={Chan, Chun Lam and Jaggi, Sidharth and Saligrama, Venkatesh and Agnihotri, Samar},
  journal=IT,
  volume={60},
  number={5},
  pages={3019--3035},
  year={2014},
  publisher={IEEE}
}

@inproceedings{malioutov2013exact,
  title={Exact Rule Learning via Boolean Compressed Sensing.},
  author={Malioutov, Dmitry M and Varshney, Kush R},
  booktitle=ICML,
  pages={765--773},
  year={2013}
}

@inproceedings{goodrich2005indexing,
  title={Indexing information for data forensics},
  author={Goodrich, Michael T and Atallah, Mikhail J and Tamassia, Roberto},
  booktitle={International Conference on Applied Cryptography and Network Security},
  pages={206--221},
  year={2005},
  organization={Springer}
}

@inproceedings{emad2014poisson,
  title={Poisson group testing: A probabilistic model for nonadaptive streaming boolean compressed sensing},
  author={Emad, Amin and Milenkovic, Olgica},
  booktitle=ICASSP,
  pages={3335--3339},
  year={2014},
  organization={IEEE}
}

@book{du1999combinatorial,
  title={Combinatorial group testing and its applications},
  author={Du, Ding-Zhu and Hwang, Frank K},
  volume={12},
  year={1999},
  publisher={World Scientific}
}

@inproceedings{pawar2013computing,
  title={Computing a $k$-sparse $n$-length discrete fourier transform using at most $4k$ samples and $O(k log k)$ complexity},
  author={Pawar, Sameer and Ramchandran, Kannan},
  booktitle=isit,
  pages={464--468},
  year={2013}
}

@article{gilbert2014recent,
  title={Recent developments in the sparse Fourier transform: A compressed Fourier transform for big data},
  author={Gilbert, A and Indyk, Piotr and Iwen, Mark and Schmidt, Ludwig},
  journal=spmag,
  volume={31},
  number={5},
  pages={91--100},
  year={2014}
}

@article{erdos1985families,
  title={Families of finite sets in which no set is covered by the union ofr others},
  author={Erd{\"o}s, Paul and Frankl, Peter and F{\"u}redi, Zolt{\'a}n},
  journal={Israel Journal of Mathematics},
  volume={51},
  number={1},
  pages={79--89},
  year={1985},
  publisher={Springer}
}

@article{d1982bounds,
  title={Bounds on the length of disjunctive codes},
  author={D'yachkov, Arkadii Georgievich and Rykov, Vladimir Vasil'evich},
  journal={Problemy Peredachi Informatsii},
  volume={18},
  number={3},
  pages={7--13},
  year={1982},
  publisher={Russian Academy of Sciences, Branch of Informatics, Computer Equipment and Automatization}
}

@article{kautz1964nonrandom,
  title={Nonrandom binary superimposed codes},
  author={Kautz, W and Singleton, Roy},
  journal=IT,
  volume={10},
  number={4},
  pages={363--377},
  year={1964},
  publisher={IEEE}
}

@article{porat2011explicit,
  title={Explicit nonadaptive combinatorial group testing schemes},
  author={Porat, Ely and Rothschild, Amir},
  journal=IT,
  volume={57},
  number={12},
  pages={7982--7989},
  year={2011},
  publisher={IEEE}
}

@article{atia2012boolean,
  title={Boolean compressed sensing and noisy group testing},
  author={Atia, George K and Saligrama, Venkatesh},
  journal=IT,
  volume={58},
  number={3},
  pages={1880--1901},
  year={2012},
  publisher={IEEE}
}

@article{lee2015saffron,
  title={SAFFRON: A fast, efficient, and robust framework for group testing based on sparse-graph codes},
  author={Lee, Kangwook and Pedarsani, Ramtin and Ramchandran, Kannan},
  journal={arXiv preprint arXiv:1508.04485},
  year={2015}
}

@book{richardson2008modern,
  title={Modern coding theory},
  author={Richardson, Tom and Urbanke, Ruediger},
  year={2008},
  publisher={Cambridge University Press}
}

@inproceedings{li2015subisit,
  title={Sub-linear time compressed sensing using sparse-graph codes},
  author={Li, Xiao and Pawar, Sameer and Ramchandran, Kannan},
  booktitle=isit,
  pages={1645--1649},
  year={2015}
}

@inproceedings{indyk2010efficiently,
  title={Efficiently decodable non-adaptive group testing},
  author={Indyk, Piotr and Ngo, Hung Q and Rudra, Atri},
  booktitle={Proceedings of the twenty-first annual ACM-SIAM symposium on Discrete Algorithms},
  pages={1126--1142},
  year={2010},
  organization={Society for Industrial and Applied Mathematics}
}

@misc{li2015subdraft,
  title={Sub-linear time compressed sensing using sparse-graph codes},
  author={Li, Xiao and Pawar, Sameer and Ramchandran, Kannan},
  howpublished="\url{http://www.eecs.berkeley.edu/~xiaoli/TR_CS_sublinear.pdf}"
}

@article{wainwright2009information,
  title={Information-Theoretic Limits on Sparsity Recovery in the High-Dimensional and Noisy Setting},
  author={Wainwright, Martin J},
  journal={Information Theory, IEEE Transactions on},
  volume={55},
  number={12},
  pages={5728--5741},
  year={2009},
  publisher={IEEE}
}

@article{jafarpour2009efficient,
  title={Efficient and robust compressed sensing using optimized expander graphs},
  author={Jafarpour, Sina and Xu, Weiyu and Hassibi, Babak and Calderbank, Robert},
  journal=isit,
  volume={55},
  number={9},
  pages={4299--4308},
  year={2009}
}
%-------------------------------------------MAC---------------------------------------------------------------------------------------
@article{liva2011graph,
  title={Graph-based analysis and optimization of contention resolution diversity slotted ALOHA},
  author={Liva, Gianluigi},
  journal={IEEE Transactions on Communications},
  volume={59},
  number={2},
  pages={477--487},
  year={2011},
  publisher={IEEE}
}

@article{amraoui2007find,
  title={How to find good finite-length codes: from art towards science},
  author={Amraoui, Abdelaziz and Montanari, Andrea and Urbanke, Ruediger},
  journal={Transactions on Emerging Telecommunications Technologies},
  volume={18},
  number={5},
  pages={491--508},
  year={2007},
  publisher={Wiley Online Library}
}


@article{fan1995superimposed,
  title={Superimposed codes for the multiaccess binary adder channel},
  author={Fan, Pingzhi Z. and Darnell, Michael and Honary, Bahram},
  journal={IEEE Transactions on Information Theory},
  volume={41},
  number={4},
  pages={1178--1182},
  year={1995},
  publisher={IEEE}
}

@article{casini2007contention,
  title={Contention resolution diversity slotted ALOHA (CRDSA): An enhanced random access schemefor satellite access packet networks},
  author={Casini, Enrico and De Gaudenzi, Riccardo and Herrero, Oscar Del Rio},
  journal={IEEE Transactions on Wireless Communications},
  volume={6},
  number={4},
  year={2007},
  publisher={IEEE}
}

@inproceedings{narayanan2012iterative,
  title={Iterative collision resolution for slotted ALOHA: An optimal uncoordinated transmission policy},
  author={Narayanan, Krishna R and Pfister, Henry D},
  booktitle={Turbo Codes and Iterative Information Processing (ISTC), 2012 7th International Symposium on},
  pages={136--139},
  year={2012},
  organization={IEEE}
}

@inproceedings{abramson1970aloha,
  title={THE ALOHA SYSTEM: another alternative for computer communications},
  author={Abramson, Norman},
  booktitle={Proceedings of the November 17-19, 1970, fall joint computer conference},
  pages={281--285},
  year={1970},
  organization={ACM}
}

@inproceedings{ordentlich2017low,
  title={Low complexity schemes for the random access Gaussian channel},
  author={Ordentlich, Or and Polyanskiy, Yury},
  booktitle={Information Theory (ISIT), 2017 IEEE International Symposium on},
  pages={2528--2532},
  year={2017},
  organization={IEEE}
}

@inproceedings{polyanskiy2017perspective,
  title={A perspective on massive random-access},
  author={Polyanskiy, Yury},
  booktitle={Information Theory (ISIT), 2017 IEEE International Symposium on},
  pages={2523--2527},
  year={2017},
  organization={IEEE}
}

@article{ping2006interleave,
  title={Interleave division multiple-access},
  author={Ping, Li and Liu, Lihai and Wu, Keying and Leung, Wai Kong},
  journal={IEEE Transactions on Wireless Communications},
  volume={5},
  number={4},
  pages={938--947},
  year={2006},
  publisher={IEEE}
}

@article{zhan2014integer,
  title={Integer-forcing linear receivers},
  author={Zhan, Jiening and Nazer, Bobak and Erez, Uri and Gastpar, Michael},
  journal={IEEE Transactions on Information Theory},
  volume={60},
  number={12},
  pages={7661--7685},
  year={2014},
  publisher={IEEE}
}

@article{rimoldi1996rate,
  title={A rate-splitting approach to the {Gaussian} multiple-access channel},
  author={Rimoldi, B. and Urbanke, R.},
  journal=tit,
  volume={42},
  number={2},
  pages={364--375},
  year={1996},
  publisher={IEEE}
}

@article{mathys1990class,
  title={A class of codes for a T active users out of N multiple-access communication system},
  author={Mathys, Peter},
  journal={IEEE Transactions on Information Theory},
  volume={36},
  number={6},
  pages={1206--1219},
  year={1990},
  publisher={IEEE}
}

%%--------------------------------------------Spatial Coupling Paper----------------------------------------------------------
@article{etkin2008gaussian,
  title={Gaussian interference channel capacity to within one bit},
  author={Etkin, Raul H and David, NC and Wang, Hua},
  journal={IEEE Transactions on information theory},
  volume={54},
  number={12},
  pages={5534--5562},
  year={2008},
  publisher={IEEE}
}

@article{sato1981capacity,
  title={The capacity of the Gaussian interference channel under strong interference (corresp.)},
  author={Sato, Hiroshi},
  journal={IEEE transactions on information theory},
  volume={27},
  number={6},
  pages={786--788},
  year={1981},
  publisher={IEEE}
}

@article{felstrom1999time,
  title={Time-varying periodic convolutional codes with low-density parity-check matrix},
  author={Felstrom, A Jimenez and Zigangirov, Kamil Sh},
  journal={IEEE Transactions on Information Theory},
  volume={45},
  number={6},
  pages={2181--2191},
  year={1999},
  publisher={IEEE}
}

@article{carleial1978interference,
  title={Interference channels},
  author={Carleial, Aydano},
  journal={IEEE Transactions on Information Theory},
  volume={24},
  number={1},
  pages={60--70},
  year={1978},
  publisher={IEEE}
}

@inproceedings{sridharan2008capacity,
  title={Capacity of symmetric K-user {Gaussian} very strong interference channels},
  author={Sridharan, Sriram and Jafarian, Amin and Vishwanath, Sriram and Jafar, Syed Ali},
  booktitle={Global Telecommunications Conference, 2008.},
  pages={1--5},
  year={2008},
  organization={IEEE}
}

@article{Banihashemi01,
  title={Tanner graphs for group block codes and lattices: construction and complexity},
  author={Banihashemi, Amir H and Kschischang, Frank R},
  journal={IEEE Transactions on Information Theory},
  volume={47},
  number={2},
  pages={822--834},
  year={2001},
  publisher={IEEE}
}

@article{sadeghi06,
  title={Low-density parity-check lattices: construction and decoding analysis},
  author={Sadeghi, M-R and Banihashemi, Amir H and Panario, Daniel},
  journal={IEEE Transactions on Information Theory},
  volume={52},
  number={10},
  pages={4481--4495},
  year={2006},
  publisher={IEEE}
}


@book{conwaysphere,
  title={Sphere Packings, Lattices and Groups},
  author={Conway, JH and Sloane, NJA},
  year={1988},
  publisher={Springer-Verlag, New York}
}


@article{poltyrev94,
  title={On coding without restrictions for the {AWGN} channel},
  author={Poltyrev, Gregory},
  journal={IEEE Transactions on Information Theory},
  volume={40},
  number={2},
  pages={409--417},
  year={1994},
  publisher={IEEE}
}

@article{erez2004achieving,
  title={Achieving $\frac{1}{2}$ log(1+ \uppercase{SNR}) on the AWGN channel with lattice encoding and decoding},
  author={Erez, Uri and Zamir, Ram},
  journal={IEEE Transactions on Information Theory},
  volume={50},
  number={10},
  pages={2293--2314},
  year={2004},
  publisher={IEEE}
}

@article{nazer2011CF,
  title={Compute-and-forward: Harnessing interference through structured codes},
  author={Nazer, Bobak and Gastpar, Michael},
  journal={IEEE Transactions on Information Theory},
  volume={57},
  number={10},
  pages={6463--6486},
  year={2011},
  publisher={IEEE}
}

@article{jafar10,
  title={Generalized Degrees of Freedom of the Symmetric {Gaussian} $K$-User Interference Channel},
  author={Jafar, Syed A and Vishwanath, Sriram},
  journal={arXiv preprint arXiv:0804.4489},
  year={2008}
}

@article{kumar2014threshold,
  title={Threshold saturation for spatially coupled LDPC and LDGM codes on BMS channels},
  author={Kumar, Santhosh and Young, Andrew J and Macris, Nicolas and Pfister, Henry D},
  journal={IEEE Transactions on Information Theory},
  volume={60},
  number={12},
  pages={7389--7415},
  year={2014},
  publisher={IEEE}
}


@inproceedings{kudekaruniversal,
  title={Spatially coupled ensembles universally achieve capacity under belief propagation},
  author={Kudekar, Shrinivas and Richardson, Tom and Urbanke, R{\"u}diger},
  booktitle=ISIT,
  pages={453--457},
  year={2012},
}

@article{kudekar2013spatially,
  title={Spatially coupled ensembles universally achieve capacity under belief propagation},
  author={Kudekar, Shrinivas and Richardson, Tom and Urbanke, Rudiger L},
  journal={IEEE Transactions on Information Theory},
  volume={59},
  number={12},
  pages={7761--7813},
  year={2013},
  publisher={IEEE}
}

@article{kudekar2011threshold,
  title={Threshold saturation via spatial coupling: Why convolutional LDPC ensembles perform so well over the BEC},
  author={Kudekar, Shrinivas and Richardson, Thomas J and Urbanke, R{\"u}diger L},
  journal={IEEE Transactions on Information Theory},
  volume={57},
  number={2},
  pages={803--834},
  year={2011},
  publisher={IEEE}
}

@article{KudekarUrbanke11,
  title={Threshold saturation via spatial coupling: Why convolutional LDPC ensembles perform so well over the BEC},
  author={Kudekar, Shrinivas and Richardson, Thomas J and Urbanke, R{\"u}diger L},
  journal={IEEE Transactions on Information Theory},
  volume={57},
  number={2},
  pages={803--834},
  year={2011},
  publisher={IEEE}
}


@article{BarnesSloane83,
  title={New lattice packings of spheres},
  author={Barnes, ES and Sloane, NJA},
  journal={Canad. J. Math},
  volume={35},
  pages={117--130},
  year={1983}
}

@article{erez05,
  title={Lattices which are good for (almost) everything},
  author={Erez, Uri and Litsyn, Simon and Zamir, Ram},
  journal=IT,
  volume={51},
  number={10},
  pages={3401--3416},
  year={2005}
}

@article{richardson2001design,
  title={Design of capacity-approaching irregular low-density parity-check codes},
  author={Richardson, Thomas J and Shokrollahi, Mohammad Amin and Urbanke, R{\"u}diger L},
  journal={IEEE Transactions on Information theory},
  volume={47},
  number={2},
  pages={619--637},
  year={2001},
  publisher={IEEE}
}

@inproceedings{berrou1993near,
  title={Near Shannon limit error-correcting coding and decoding: Turbo-codes. 1},
  author={Berrou, Claude and Glavieux, Alain and Thitimajshima, Punya},
  booktitle={Communications, 1993. ICC'93 Geneva. Technical Program, Conference Record, IEEE International Conference on},
  volume={2},
  pages={1064--1070},
  year={1993},
  organization={IEEE}
}

@article{gallager1962low,
  title={Low-density parity-check codes},
  author={Gallager, Robert},
  journal={IRE Transactions on Information Theory},
  volume={8},
  number={1},
  pages={21--28},
  year={1962},
  publisher={IEEE}
}

@article{shannon2001mathematical,
  title={A mathematical theory of communication},
  author={Shannon, Claude E},
  journal={ACM SIGMOBILE Mobile Computing and Communications Review},
  volume={5},
  number={1},
  pages={3--55},
  year={2001},
  publisher={ACM}
}

@inproceedings{Estela13,
  title={Barnes-Wall lattices for the symmetric interference channel},
  author={Estela, Maria Constanza and Ling, Cong and Belfiore, Jean-Claude},
  booktitle=ISIT,
  pages={2239--2243},
  year={2013}
}

@inproceedings{YanLingWu13,
  title={Polar lattices: where {Ar{\i}kan} meets {Forney}},
  author={Yan, Yanfei and Ling, Cong and Wu, Xiaofu},
  booktitle=ISIT,
  pages={1292--1296},
  year={2013}
  }

@article{forney2000,
  title={Sphere-bound-achieving coset codes and multilevel coset codes},
  author={Forney Jr, G David and Trott, Mitchell D and Chung, Sae-Young},
  journal=IT,
  volume={46},
  number={3},
  pages={820--850},
  year={2000},
  publisher={IEEE}
}