@article{chan2014non,
  title={Non-adaptive group testing: Explicit bounds and novel algorithms},
  author={Chan, Chun Lam and Jaggi, Sidharth and Saligrama, Venkatesh and Agnihotri, Samar},
  journal=IT,
  volume={60},
  number={5},
  pages={3019--3035},
  year={2014},
  publisher={IEEE}
}


@article{chen2008survey,
  title={A survey on nonadaptive group testing algorithms through the angle of decoding},
  author={Chen, Hong-Bin and Hwang, Frank K},
  journal={Journal of Combinatorial Optimization},
  volume={15},
  number={1},
  pages={49--59},
  year={2008},
  publisher={Springer}
}

@inproceedings{emad2014poisson,
  title={Poisson group testing: A probabilistic model for nonadaptive streaming boolean compressed sensing},
  author={Emad, Amin and Milenkovic, Olgica},
  booktitle=ICASSP,
  pages={3335--3339},
  year={2014},
  organization={IEEE}
}


@inproceedings{goodrich2005indexing,
  title={Indexing information for data forensics},
  author={Goodrich, Michael T and Atallah, Mikhail J and Tamassia, Roberto},
  booktitle={International Conference on Applied Cryptography and Network Security},
  pages={206--221},
  year={2005},
  organization={Springer}
}

@inproceedings{malioutov2013exact,
  title={Exact Rule Learning via Boolean Compressed Sensing.},
  author={Malioutov, Dmitry M and Varshney, Kush R},
  booktitle=ICML,
  pages={765--773},
  year={2013}
}

@book{du1999combinatorial,
  title={Combinatorial group testing and its applications},
  author={Du, Ding-Zhu and Hwang, Frank K},
  volume={12},
  year={1999},
  publisher={World Scientific}
}

@inproceedings{pawar2013computing,
  title={Computing a $k$-sparse $n$-length discrete fourier transform using at most $4k$ samples and $O(k log k)$ complexity},
  author={Pawar, Sameer and Ramchandran, Kannan},
  booktitle=isit,
  pages={464--468},
  year={2013}
}

@misc{pawararxiv,
title={A {FFAST} framework for computing a k-sparse DFT in $O(k \log k)$ time using sparse-graph alias codes},
author={Pawar, Sameer and Ramchandran, Kannan},
howpublished={http://arxiv.org/pdf/1305.0870.pdf},
year={2013}
}

@article{gilbert2014recent,
  title={Recent developments in the sparse Fourier transform: A compressed Fourier transform for big data},
  author={Gilbert, A and Indyk, Piotr and Iwen, Mark and Schmidt, Ludwig},
  journal=spmag,
  volume={31},
  number={5},
  pages={91--100},
  year={2014}
}

@inproceedings{hassanieh2014ghz,
  title={Ghz-wide sensing and decoding using the sparse fourier transform},
  author={Hassanieh, Haitham and Shi, Lixin and Abari, Omid and Hamed, Ezzeldin and Katabi, Dina},
  booktitle=infocom,
  pages={2256--2264},
  year={2014}
}

@article{gilbert2008tutorial,
  title={A tutorial on fast fourier sampling},
  author={Gilbert, Anna C and Strauss, Martin J and Tropp, Joel A},
  journal=spmag,
  volume={25},
  number={2},
  pages={57--66},
  year={2008}
}

@inproceedings{hassanieh2012near,
  title={Near-optimal algorithm for sparse Fourier transform},
  author={Hassanieh, H and Indyk, P and Katabi, D and Price, E},
  booktitle=stoc_44,
  year={2012}
}

@inproceedings{scheibler2013sparse,
  title={A sparse sub-linear Hadamard transform},
  author={Scheibler, R and Haghighatshoar, S and Vetterli, M},
  booktitle=allerton,
  year={2013}
}

@inproceedings{jian2012approaching,
  title={Approaching capacity at high rates with iterative hard-decision decoding},
  author={Jian, Yung-Yih and Pfister, Henry D and Narayanan, Krishna R},
  booktitle=isit,
  pages={2696--2700},
  year={2012}
}

@book{mct,
  title={Modern coding theory},
  author={Richardson, Tom and Urbanke, Ruediger},
  year={2008},
  publisher={Cambridge University Press}
}

@book{linandcostello,
  title={Error control coding: fundamentals and applications},
  author={Lin, Shu and Costello, Daniel J},
  volume={114},
  year={2004},
  publisher={Pearson-Prentice Hall Upper Saddle River}
}

@inproceedings{luby2002lt,
  title={LT codes},
  author={Luby, Michael},
  booktitle=focs,
  pages={271--271},
  year={2002}
}

@article{justesen2011performance,
  title={Performance of product codes and related structures with iterated decoding},
  author={Justesen, J{\o}rn},
  journal=tcom,
  volume={59},
  number={2},
  pages={407--415},
  year={2011}
}

@inproceedings{justesen,
  title={Analysis of iterated hard decision decoding of product codes with Reed-Solomon component codes},
  author={Justesen, J{\o}rn and H{\o}holdt, Tom},
  booktitle={Information Theory Workshop, 2007. ITW'07. IEEE},
  pages={174--177},
  year={2007},
  organization={IEEE}
}

@article{burt,
author={Burton, H.O. and Weldon, E., Jr.},
journal={Information Theory, IEEE Transactions on},
title={Cyclic product codes},
year={1965},
month={Jul},
volume={11},
number={3},
pages={433-439},
keywords={Burst-correcting codes;Cyclic codes;Product codes},
doi={10.1109/TIT.1965.1053802},
ISSN={0018-9448},}

@inproceedings{hassanieh2012faster,
  title={Faster {GPS} via the sparse {F}ourier transform},
  author={Hassanieh, Haitham and Adib, Fadel and Katabi, Dina and Indyk, Piotr},
  booktitle={mobicom},
  pages={353--364},
  year={2012},
  organization={ACM}
}

@inproceedings{andoni2013shift,
  title={Shift finding in sub-linear time},
  author={Andoni, Alexandr and Hassanieh, Haitham and Indyk, Piotr and Katabi, Dina},
  booktitle={Proceedings of the Twenty-Fourth Annual ACM-SIAM Symposium on Discrete Algorithms},
  pages={457--465},
  year={2013},
  organization={Society for Industrial and Applied Mathematics}
}

@article{amir2004faster,
  title={Faster algorithms for string matching with $k$ mismatches},
  author={Amir, Amihood and Lewenstein, Moshe and Porat, Ely},
  journal={Journal of Algorithms},
  volume={50},
  number={2},
  pages={257--275},
  year={2004},
  publisher={Elsevier}
}

@article{boyer1977fast,
  title={A fast string searching algorithm},
  author={Boyer, Robert S and Moore, J Strother},
  journal={Communications of the ACM},
  volume={20},
  number={10},
  pages={762--772},
  year={1977},
  publisher={ACM}
}

@inproceedings{chang1994approximate,
  title={Approximate string matching and local similarity},
  author={Chang, William I and Marr, Thomas G},
  booktitle={Annual Symposium on Combinatorial Pattern Matching},
  pages={259--273},
  year={1994},
  organization={Springer}
}


@inproceedings{pawar2013computing,
  title={Computing a $k$-sparse $n$-length discrete fourier transform using at most $4k$ samples and $O(k \log k)$ complexity},
  author={Pawar, Sameer and Ramchandran, Kannan},
  booktitle=ISIT,
  pages={464--468},
  year={2013},
  organization={IEEE}
}

@article{kudekar2013spatially,
  title={Spatially coupled ensembles universally achieve capacity under belief propagation},
  author={Kudekar, Shrinivas and Richardson, Tom and Urbanke, R{\"u}diger L},
  journal=IT,
  volume={59},
  number={12},
  pages={7761--7813},
  year={2013},
  publisher={IEEE}
}


@article{kumar2014threshold,
  title={Threshold saturation for spatially coupled LDPC and LDGM codes on BMS channels},
  author={Kumar, Santhosh and Young, Andrew J and Macris, Nicolas and Pfister, Henry D},
  journal=IT,
  volume={60},
  number={12},
  pages={7389--7415},
  year={2014},
  publisher={IEEE}
}

@article{dorfman1943detection,
  title={The detection of defective members of large populations},
  author={Dorfman, Robert},
  journal={The Annals of Mathematical Statistics},
  volume={14},
  number={4},
  pages={436--440},
  year={1943},
  publisher={JSTOR}
}


@article{mazumdar2015nonadaptive,
  title={Nonadaptive group testing with random set of defectives via constant-weight codes},
  author={Mazumdar, Arya},
  journal={arXiv preprint arXiv:1503.03597},
  year={2015}
}

@article{atia2012boolean,
  title={Boolean compressed sensing and noisy group testing},
  author={Atia, George K and Saligrama, Venkatesh},
  journal=IT,
  volume={58},
  number={3},
  pages={1880--1901},
  year={2012},
  publisher={IEEE}
}

@article{lee2015saffron,
  title={SAFFRON: A fast, efficient, and robust framework for group testing based on sparse-graph codes},
  author={Lee, Kangwook and Pedarsani, Ramtin and Ramchandran, Kannan},
  journal={arXiv preprint arXiv:1508.04485},
  year={2015}
}

@article{wainwright2009information,
  title={Information-Theoretic Limits on Sparsity Recovery in the High-Dimensional and Noisy Setting},
  author={Wainwright, Martin J},
  journal={Information Theory, IEEE Transactions on},
  volume={55},
  number={12},
  pages={5728--5741},
  year={2009},
  publisher={IEEE}
}

@book{richardson2008modern,
  title={Modern coding theory},
  author={Richardson, Tom and Urbanke, Ruediger},
  year={2008},
  publisher={Cambridge University Press}
}


@inproceedings{li2015subisit,
  title={Sub-linear time compressed sensing using sparse-graph codes},
  author={Li, Xiao and Pawar, Sameer and Ramchandran, Kannan},
  booktitle=isit,
  pages={1645--1649},
  year={2015}
}

@misc{li2015subdraft,
  title={Sub-linear time compressed sensing using sparse-graph codes},
  author={Li, Xiao and Pawar, Sameer and Ramchandran, Kannan},
  howpublished="\url{http://www.eecs.berkeley.edu/~xiaoli/TR_CS_sublinear.pdf}"
}

@misc{pawararxiv,
title={A {FFAST} framework for computing a k-sparse DFT in $O(k log k)$ time using sparse-graph alias codes},
author={Pawar, Sameer and Ramchandran, Kannan},
howpublished={http://arxiv.org/pdf/1305.0870.pdf},
year={2013}
}

@inproceedings{pawar2014robust,
  title={A robust {R-FFAST} framework for computing a k-sparse n-length {DFT} in {O}$(k \log~n)$ sample complexity using sparse-graph codes},
  author={Pawar, Sameer and Ramchandran, Kannan},
  booktitle= isit,
  pages={1852--1856},
  year={2014}
}
@article{gilbert2014recent,
  title={Recent developments in the sparse Fourier transform: A compressed Fourier transform for big data},
  author={Gilbert, A and Indyk, Piotr and Iwen, Mark and Schmidt, Ludwig},
  journal=spmag,
  volume={31},
  number={5},
  pages={91--100},
  year={2014}
}
@inproceedings{hassanieh2014ghz,
  title={Ghz-wide sensing and decoding using the sparse fourier transform},
  author={Hassanieh, Haitham and Shi, Lixin and Abari, Omid and Hamed, Ezzeldin and Katabi, Dina},
  booktitle=infocom,
  pages={2256--2264},
  year={2014}
}
@article{gilbert2008tutorial,
  title={A tutorial on fast fourier sampling},
  author={Gilbert, Anna C and Strauss, Martin J and Tropp, Joel A},
  journal=spmag,
  volume={25},
  number={2},
  pages={57--66},
  year={2008}
}
@inproceedings{hassanieh2012near,
  title={Near-optimal algorithm for sparse Fourier transform},
  author={Hassanieh, H and Indyk, P and Katabi, D and Price, E},
  booktitle=stoc_44,
  year={2012}
}
@inproceedings{scheibler2013sparse,
  title={A sparse sub-linear Hadamard transform},
  author={Scheibler, R and Haghighatshoar, S and Vetterli, M},
  booktitle=allerton,
  year={2013}
}

@inproceedings{jian2012approaching,
  title={Approaching capacity at high rates with iterative hard-decision decoding},
  author={Jian, Yung-Yih and Pfister, Henry D and Narayanan, Krishna R},
  booktitle=isit,
  pages={2696--2700},
  year={2012}
}

@book{mct,
  title={Modern coding theory},
  author={Richardson, Tom and Urbanke, Ruediger},
  year={2008},
  publisher={Cambridge University Press}
}

@book{linandcostello,
  title={Error control coding: fundamentals and applications},
  author={Lin, Shu and Costello, Daniel J},
  volume={114},
  year={2004},
  publisher={Pearson-Prentice Hall Upper Saddle River}
}

@inproceedings{luby2002lt,
  title={LT codes},
  author={Luby, Michael},
  booktitle=focs,
  pages={271--271},
  year={2002}
}

@article{justesen2011performance,
  title={Performance of product codes and related structures with iterated decoding},
  author={Justesen, J{\o}rn},
  journal=tcom,
  volume={59},
  number={2},
  pages={407--415},
  year={2011}
}

@inproceedings{justesen,
  title={Analysis of iterated hard decision decoding of product codes with Reed-Solomon component codes},
  author={Justesen, J{\o}rn and H{\o}holdt, Tom},
  booktitle={Information Theory Workshop, 2007. ITW'07. IEEE},
  pages={174--177},
  year={2007},
  organization={IEEE}
}


@ARTICLE{burt,
author={Burton, H.O. and Weldon, E., Jr.},
journal={Information Theory, IEEE Transactions on},
title={Cyclic product codes},
year={1965},
month={Jul},
volume={11},
number={3},
pages={433-439},
keywords={Burst-correcting codes;Cyclic codes;Product codes},
doi={10.1109/TIT.1965.1053802},
ISSN={0018-9448},}


@article{jafarpour2009efficient,
  title={Efficient and robust compressed sensing using optimized expander graphs},
  author={Jafarpour, Sina and Xu, Weiyu and Hassibi, Babak and Calderbank, Robert},
  journal=isit,
  volume={55},
  number={9},
  pages={4299--4308},
  year={2009}
}

@article{ferragina2005indexing,
	title={Indexing compressed text},
	author={Ferragina, Paolo and Manzini, Giovanni},
	journal={Journal of the ACM (JACM)},
	volume={52},
	number={4},
	pages={552--581},
	year={2005},
	publisher={ACM}
}

@inproceedings{ferragina2000opportunistic,
	title={Opportunistic data structures with applications},
	author={Ferragina, Paolo and Manzini, Giovanni},
	booktitle={Foundations of Computer Science, 2000. Proceedings. 41st Annual Symposium on},
	pages={390--398},
	year={2000},
	organization={IEEE}
}

@inproceedings{zhang2003approximate,
	title={Approximate Pattern Matching Using the Burrows-Wheeler Transform},
	author={Zhang, Nan and Mukherjee, Amar and Adjeroh, Don and Bell, Tim},
	booktitle={Proceedings of the Conference on Data Compression},
	pages={458},
	year={2003},
	organization={IEEE Computer Society}
}

@article{li2009fast,
	title={Fast and accurate short read alignment with Burrows--Wheeler transform},
	author={Li, Heng and Durbin, Richard},
	journal={Bioinformatics},
	volume={25},
	number={14},
	pages={1754--1760},
	year={2009},
	publisher={Oxford Univ Press}
}

@article{li2010fast,
	title={Fast and accurate long-read alignment with Burrows--Wheeler transform},
	author={Li, Heng and Durbin, Richard},
	journal={Bioinformatics},
	volume={26},
	number={5},
	pages={589--595},
	year={2010},
	publisher={Oxford Univ Press}
}

@article{navarro2001guided,
	title={A guided tour to approximate string matching},
	author={Navarro, Gonzalo},
	journal={ACM computing surveys (CSUR)},
	volume={33},
	number={1},
	pages={31--88},
	year={2001},
	publisher={ACM}
}

@article{nagaraj2017pattern,
  title={Sub-string/Pattern Matching in Sub-linear Time Using a Sparse Fourier Transform Approach},
  author={Thenkarai Janakiraman, Nagaraj and Vem, Avinash and R. Narayanan, Krishna and Chamberland, Jean-Francois},
  howpublished={https://avinashvem.github.io/KDDlong.pdf},
  year={2017}
}
