@article{erdos1985families,
  title={Families of finite sets in which no set is covered by the union ofr others},
  author={Erd{\"o}s, Paul and Frankl, Peter and F{\"u}redi, Zolt{\'a}n},
  journal={Israel Journal of Mathematics},
  volume={51},
  number={1},
  pages={79--89},
  year={1985},
  publisher={Springer}
}

@article{d1982bounds,
  title={Bounds on the length of disjunctive codes},
  author={D'yachkov, Arkadii Georgievich and Rykov, Vladimir Vasil'evich},
  journal={Problemy Peredachi Informatsii},
  volume={18},
  number={3},
  pages={7--13},
  year={1982},
  publisher={Russian Academy of Sciences, Branch of Informatics, Computer Equipment and Automatization}
}

@article{kautz1964nonrandom,
  title={Nonrandom binary superimposed codes},
  author={Kautz, W and Singleton, Roy},
  journal={IEEE Transactions on Information Theory},
  volume={10},
  number={4},
  pages={363--377},
  year={1964},
  publisher={IEEE}
}

@article{porat2011explicit,
  title={Explicit nonadaptive combinatorial group testing schemes},
  author={Porat, Ely and Rothschild, Amir},
  journal={IEEE Transactions on Information Theory},
  volume={57},
  number={12},
  pages={7982--7989},
  year={2011},
  publisher={IEEE}
}

@inproceedings{indyk2010efficiently,
  title={Efficiently decodable non-adaptive group testing},
  author={Indyk, Piotr and Ngo, Hung Q and Rudra, Atri},
  booktitle={Proceedings of the twenty-first annual ACM-SIAM symposium on Discrete Algorithms},
  pages={1126--1142},
  year={2010},
  organization={Society for Industrial and Applied Mathematics}
}

@misc{gandikotanearly,
  title={Nearly Optimal Sparse Group Testing},
  author={Gandikota, Venkata and Grigorescu, Elena and Jaggi, Sidharth and Zhou, Samson},
  publisher={preparation}
}