@Comment{$ biblatex control file $}
@Comment{$ biblatex bbl format version 3.0 $}
% Do not modify this file!
%
% This is an auxiliary file used by the 'biblatex' package.
% This file may safely be deleted. It will be recreated as
% required.

@Control{biblatex-control,
}
